@inproceedings{grohe2014dimension,
  title={Dimension reduction via colour refinement},
  author={Grohe, Martin and Kersting, Kristian and Mladenov, Martin and Selman, Erkal},
  booktitle={European Symposium on Algorithms},
  pages={505--516},
  year={2014},
  organization={Springer}
}

@inproceedings{gurobi2014crossover,
title = {Initial basis selection for LP crossover},
author = {Maes, Christopher and Rothberg, Edward and Gu, Zonghao and Bixby, Robert},
booktitle ={Presented at CERFACS 2014 Toulouse, France}
year = {2014}}