@inproceedings{grohe,
  title={Dimension reduction via colour refinement},
  author={Grohe, Martin and Kersting, Kristian and Mladenov, Martin and Selman, Erkal},
  booktitle={European Symposium on Algorithms},
  pages={505--516},
  year={2014},
  organization={Springer}
}